<?xml version="1.0" encoding="UTF-8"?><record xmlns="http://www.loc.gov/MARC21/slim" xmlns:cinclude="http://apache.org/cocoon/include/1.0" xmlns:zs="http://www.loc.gov/zing/srw/">
  <leader>00497cz  a2200133n  4500</leader>
  <controlfield tag="001">n  90669715 </controlfield>
  <controlfield tag="003">DLC</controlfield>
  <controlfield tag="005">19901213094919.0</controlfield>
  <controlfield tag="008">900714n| acannaab|          |n ana |||  </controlfield>
  <datafield tag="010" ind1=" " ind2=" ">
    <subfield code="a">n  90669715 </subfield>
  </datafield>
  <datafield tag="040" ind1=" " ind2=" ">
    <subfield code="a">DLC</subfield>
    <subfield code="c">DLC</subfield>
    <subfield code="d">DLC</subfield>
  </datafield>
  <datafield tag="110" ind1="2" ind2="0">
    <subfield code="a">Nebraska Ornithologists' Union</subfield>
  </datafield>
  <datafield tag="670" ind1=" " ind2=" ">
    <subfield code="a">NUCMC data from Nebraska State Hist. Soc. for Towne, S.R. Papers, 1856-1965</subfield>
    <subfield code="b">(Nebraska Ornithologists Union)</subfield>
  </datafield>
  <datafield tag="670" ind1=" " ind2=" ">
    <subfield code="a">LC data base, 07-14-90</subfield>
    <subfield code="b">(less than fully authenticated serial usage: Nebraska Ornithologists' Union)</subfield>
  </datafield>
</record>